<record><leader>00000cas a22000007a 4500</leader><controlfield tag="001">12400050</controlfield><controlfield tag="008">850819d19501960mtuwr ne      0    0eng d</controlfield><datafield ind1=" " ind2=" " tag="010"><subfield code="a">sn 85053225 </subfield></datafield><datafield ind1=" " ind2=" " tag="040"><subfield code="a">MTL</subfield><subfield code="b">eng</subfield><subfield code="c">MTL</subfield><subfield code="d">OCLCQ</subfield></datafield><datafield ind1=" " ind2=" " tag="042"><subfield code="a">msc</subfield></datafield><datafield ind1="0" ind2="0" tag="245"><subfield code="a">Hot Springs sentinel.</subfield></datafield><datafield ind1=" " ind2=" " tag="260"><subfield code="a">Hot Springs, Mont. :</subfield><subfield code="b">K.F. Knight &amp; Son,</subfield><subfield code="c">1950-1960.</subfield></datafield><datafield ind1=" " ind2=" " tag="300"><subfield code="a">11 v. :</subfield><subfield code="b">ill.</subfield></datafield><datafield ind1=" " ind2=" " tag="310"><subfield code="a">Weekly</subfield></datafield><datafield ind1="0" ind2=" " tag="362"><subfield code="a">Vol. 1, no. 1 (Mar. 8, 1950)-v. 11, no. 23 (Aug. 4, 1960).</subfield></datafield><datafield ind1=" " ind2=" " tag="752"><subfield code="a">United States</subfield><subfield code="b">Montana</subfield><subfield code="c">Sanders</subfield><subfield code="d">Hot Springs.</subfield></datafield><datafield ind1="0" ind2="4" tag="785"><subfield code="t">Plainsman (Plains, Mont. : 1900)</subfield><subfield code="g">Aug. 11, 1960</subfield><subfield code="w">(DLC)sn 86075277</subfield></datafield></record>